@article{john_self-adjointness_1973,
	title = {Self-{Adjointness} for multi-point differential operators},
	volume = {45},
	journal = {Pacific Journal of Mathematics},
	author = {John, Locker},
	year = {1973}
}


@book{dunford_linear_1963,
	address = {New York},
	title = {Linear {Operators} {II}},
	publisher = {Interscience},
	author = {Dunford, N. and Schwartz, J. T.},
	year = {1963}
}