@Book{dunford,
author = {Dunford, Nelson and Schwartz, Jacob T.},
ALTeditor = {•},
title ={Linear {Operators} {II}}, 
publisher = {Interscience},
year = {1963},
OPTkey = {•},
OPTvolume = {•},
OPTnumber = {•},
OPTseries = {•},
OPTaddress = {•},
OPTedition = {•},
OPTmonth = {•},
OPTnote = {•},
OPTannote = {•}
}


@Article{locker,
author = {Locker, John},
title = {Self-Adjointness for Multi-point Differential Operators},
journal = {Pacific Journal of Mathematics},
year = {1973},
OPTkey = {•},
OPTvolume = {45},
OPTnumber = {•},
OPTpages = {•},
OPTmonth = {•},
OPTnote = {•},
OPTannote = {•}
}
@Article{PS2018,
author = {Pelloni, Beatrice and Smith, David A.},
title = {Nonlocal and Multipoint Boundary Value Problems for Linear Evolution Equations},
journal = {•},
year = {2018},
OPTkey = {•},
OPTvolume = {•},
OPTnumber = {•},
OPTpages = {•},
OPTmonth = {•},
OPTnote = {•},
OPTannote = {•}
}

@Thesis{linfan,
author = {Xiao, Linfan},
title = {ALGORITHMIC SOLUTION OF HIGH ORDER PARTIAL DIFFERENTIAL EQUATIONS IN JULIA VIA THE FOKAS TRANSFORM METHOD},
school = {Yale-NUS College},
year = {2018},
OPTkey = {•},
OPTtype = {•},
OPTaddress = {•},
OPTmonth = {•},
OPTnote = {•},
OPTannote = {•}
}


